@article{alphago,
    title={Mastering the game of Go with deep neural networks and tree search},
    author={Silver, David and Huang, Aja and Maddison, Chris J and Guez, Arthur and Sifre, Laurent and Van Den Driessche, George and Schrittwieser, Julian and Antonoglou, Ioannis and Panneershelvam, Veda and Lanctot, Marc and others},
    journal={Nature},
    volume={529},
    number={7587},
    pages={484--489},
    year={2016},
    publisher={Nature Publishing Group}
}

@article{alphazero,
    title={Mastering Chess and Shogi by Self-Play with a General Reinforcement Learning Algorithm},
    author={Silver, David and Schrittwieser, Julian and Simonyan, Karen and Antonoglou, Ioannis and Huang, Aja and Guez, Arthur and Hubert, Thomas and Baker, Lucas and Lai, Matthew and Bolton, Adrian and others},
    journal={arXiv preprint arXiv:1712.01815},
    year={2017}
}

@article{muzero,
    title={Mastering Atari, Go, Chess and Shogi by Planning with a Learned Model},
    author={Schrittwieser, Julian and Antonoglou, Ioannis and Hubert, Thomas and Simonyan, Karen and Sifre, Laurent and Schmitt, Simon and Guez, Arthur and Lockhart, Edward and Hassabis, Demis and Graepel, Thore and others},
    journal={Nature},
    volume={588},
    number={7839},
    pages={604--609},
    year={2020},
    publisher={Nature Publishing Group}
}